@article{parliament,
  author = {Leslie Lamport},
  title  = {The Part-Time Parliament},
  year   = {1998},
  note   = {\url{https://lamport.azurewebsites.net/pubs/lamport-paxos.pdf}}
}

@article{stateMachine,
  author = {F B. Schneider},
  title  = {Implementing fault-tolerant services using the state machine approach : a tutorial},
  year   = {1990},
  note   = {\url{https://www.cs.cornell.edu/fbs/publications/SMSurvey.pdf}}
}

@article{understandable,
  author = {D Ongaro and J Ousterhout},
  title  = {In search of an understandable consensus algorithm},
  year   = {2013},
  note   = {\url{https://raft.github.io/raft.pdf}}
}

@article{pbft,
  author = {M Castro and B Liskov},
  title  = {Practical Byzantine Fault Tolerance},
  year   = {1999},
  note   = {\url{https://pmg.csail.mit.edu/papers/osdi99.pdf}}
}

@article{snowprotocol,
  author = {Team Rocket and M Yin and K Sekniqi and R van Renesse and E GÃ¼n Sirer},
  title  = {Scalable and Probabilistic Leaderless BFT Consensus through Metastability},
  year   = {2019},
  note   = {\url{https://assets.website-files.com/5d80307810123f5ffbb34d6e/6009805681b416f34dcae012_Avalanche%20Consensus%20Whitepaper.pdf}}
}
