@article{parliament,
  author = {Leslie Lamport},
  title  = {The Part-Time Parliament},
  year   = {1998},
  note   = {\url{https://lamport.azurewebsites.net/pubs/lamport-paxos.pdf}}
}

@misc{etcd,
  title = {etcd.io},
  note  = {\url{https://etcd.io}},
  year  = {2018},
}

@misc{aws,
  title = {AWS decentralized data management},
  year  = {2018},
  note  = {\url{https://docs.aws.amazon.com/whitepapers/latest/running-containerized-microservices/decentralized-data-management.html}}
}

@misc{blockchain,
  title = {Wikipedia: Blockchain},
  note = {\url{https://en.wikipedia.org/wiki/Blockchain}}
}

@article{bitcoin,
  author = {Satoshi Nakamoto},
  title  = {Bitcoin : a Peer-to-Peer Electronic Cash System},
  year   = {2008},
  note   = {\url{https://bitcoin.org/en/bitcoin-paper}}
}

@article{consensusproblem,
  author = {Michael J. Fischer},
  title  = {The Consensus Problem in Unreliable Distributed Systems : A Brief Survey},
  year   = {1983},
  note   = {\url{https://apps.dtic.mil/sti/pdfs/ADA129834.pdf}}
}

@book{raynal,
  author  = {Michel Raynal},
  title   = {Communication and Agreement Abstractions for Fault-Tolerant Asynchronous Distributed Systems},
  year    = {2010},
  chapter = {5},
  pages   = {100}
}

@article{reachingagreement,
  author = {M Pease and L Lamport and R Shostak},
  title  = {Reaching Agreement in the Presence of Faults},
  year   = {1980},
  note   = {\url{https://dl.acm.org/doi/pdf/10.1145/322186.322188}}
}

@misc{proconsensus,
  author = {Bernadette Charron Bost},
  title  = {Problèmes de Consensus},
  year   = {2020},
  note   = {\url{https://www.lix.polytechnique.fr/news/253/view}}
}

@article{fischerlp,
  author = {M J. Fischer and N A. Lynch and M S. Paterson},
  title  = {Impossibility of Distributed Consensus with One Faulty Process},
  year   = {1985},
  note   = {\url{https://ilyasergey.net/CS6213/_static/02-consensus/flp.pdf}}
}

@article{uniformConsensus,
  author = {B Charron-Bost and A Schiper},
  title  = {Uniform consensus harder than consensus},
  year   = {2000},
  note   = {\url{https://citeseerx.ist.psu.edu/viewdoc/download?doi=10.1.1.28.7181&rep=rep1&type=pdf}}
}

@article{byzantine,
  author = {L Lamport and R Shostak and M Pease},
  title  = {The Byzantine Generals Problem},
  note   = {\url{https://lamport.azurewebsites.net/pubs/byz.pdf}},
  year   = {1982}
}

@article{partialSynchrony,
  author = {C Dwork and N Lynch and L Stockmeyer},
  title  = {Consensus in the Presence of Partial Synchrony },
  note   = {\url{https://groups.csail.mit.edu/tds/papers/Lynch/jacm88.pdf}},
  year   = {1988}
}


@article{failureDetection,
  author = {N Sergent and X Defago and A Schiper},
  title  = {Impact of a Failure Detection Mechanism on the Performance of Consensus},
  year   = {2001},
  note   = {\url{https://infoscience.epfl.ch/record/49973/files/SDS01.pdf}}
}

@article{comparing,
  author = {P Urban and A Schiper},
  title  = {Comparing Distributed Consensus Algorithms},
  year   = {2005},
  note   = {\url{https://infoscience.epfl.ch/record/49903}}
}

@article{decarbonizing,
  author = {Jon Truby},
  title  = {Decarbonizing Bitcoin: Law and policy choices for reducing the energy consumption of Blockchain technologies and digital currencies},
  year   = {2018},
  note   = {\url{https://www.sciencedirect.com/science/article/abs/pii/S2214629618301750}}
}

@misc{cambridgeindex,
  title = {Cambridge Bitcoin Electricity Consumption index},
  note  = {\url{https://ccaf.io/cbeci/index}}
}

@article{stateMachine,
  author = {F B. Schneider},
  title  = {Implementing fault-tolerant services using the state machine approach : a tutorial},
  year   = {1990},
  note   = {\url{https://www.cs.cornell.edu/fbs/publications/SMSurvey.pdf}}
}


@article{fastpaxos,
  author = {Leslie Lamport},
  title  = {Fast Paxos},
  year   = {2005},
  note   = {\url{https://www.microsoft.com/en-us/research/wp-content/uploads/2016/02/tr-2005-112.pdf}}
}

@article{understandable,
  author = {D Ongaro and J Ousterhout},
  title  = {In search of an understandable consensus algorithm},
  year   = {2013},
  note   = {\url{https://raft.github.io/raft.pdf}}
}

@article{pbft,
  author = {M Castro and B Liskov},
  title  = {Practical Byzantine Fault Tolerance},
  year   = {1999},
  note   = {\url{https://pmg.csail.mit.edu/papers/osdi99.pdf}}
}

@misc{hashcash,
  title = {HashCash},
  note  = {\url{http://hashcash.org/}}
}


@misc{coinmarketcap,
  title = {CoinMarketCap},
  note  = {\url{https://coinmarketcap.com}}
}

@misc{ethereum,
  title = {Ethereum Proof-of-Stake},
  note  = {\url{https://ethereum.org/en/developers/docs/consensus-mechanisms/pos/}}
}

@article{bitcoinUse,
  title   = {Bitcoin Uses More Electricity Than Many Countries. How Is That Possible?},
  year    = {2021},
  journal = {The New York Times},
  note    = {\url{https://www.nytimes.com/interactive/2021/09/03/climate/bitcoin-carbon-footprint-electricity.html}}
}

@article{ppcoin,
  author = {S King and S Nadal},
  title  = {PPCoin: Peer-to-Peer Crypto-Currency with Proof-of-Stake},
  year   = {2012},
  note   = {\url{https://people.cs.georgetown.edu/~clay/classes/fall2017/835/papers/peercoin-paper.pdf}}
}

@article{snowprotocol,
  author = {Team Rocket and M Yin and K Sekniqi and R van Renesse and E Gün Sirer},
  title  = {Scalable and Probabilistic Leaderless BFT Consensus through Metastability},
  year   = {2019},
  note   = {\url{https://assets.website-files.com/5d80307810123f5ffbb34d6e/6009805681b416f34dcae012_Avalanche%20Consensus%20Whitepaper.pdf}}
}

@article{scaleperf,
  author = {J H. Howard and M L. Kazar and S G. Menees and D A. Nichols and M. Satyanarayanan and  R N. Sidebotham and M J. West},
  title  = {Scale and Performance in a distributed file system},
  year   = {1988},
  note   = {\url{https://www.cs.cmu.edu/~satya/docdir/howard-tocs-afs-1988.pdf}}
}

@article{analysisperf,
  author = {A Coccoli and P Urban and A Bondavalli and A Schiper},
  title  = {Performance Analysis of a Consensus Algorithm Combining Stochastic Activity Networks and Measurements},
  year   = {2002},
  note   = {\url{https://infoscience.epfl.ch/record/49941/files/CUB+02.pdf}}
}